%  a sample bibliography file
%  

@article{conrev,
author = {S.Burckhardt, A.Baldassion, \& D.Leijen},
title = {Concurrent Programming with Revisions and Isolation Types},
journal = {OOPSLA},
year = 2010,
}

@book{bacon,
  author      = "J.Bacon \& T.Harris",
  booktitle   = "Operating systems: distributed and concurrent software design",
  publisher   = "Addison-Wesley",
  year        = 2003,
}

@incollection{transactions,
  author = "M.Herlihy \& E.Koskinen",
  title = "Transactional boosting: a methodology for highly-concurrent transactional objects",
  pages = "207â€“-216",
  booktitle = "Principles and Practice of Parallel Programming ",
  year = "2008"
}

@book{database,
  author      = "P.A.Bernstein, V.Hadzilacos \& N.Goodman",
  booktitle   = "Concurrency Control and Recovery in Database Systems",
  publisher   = "Addison-Wesley",
  year        = 1987,
}

@article{haskell,
author = {D.Leijen, S.Burckhardt \& M.Faahndrich},
title = {Prettier Concurrency - Purely Functional Concurrent Revisions},
journal = {Microsoft Research},
year = 2011,
}

@incollection{avl,
  author = "R.Sedgewick",
  title = "Transactional boosting: a methodology for highly-concurrent transactional objects",
  booktitle = "Algorithms",
  publisher   = "Addison-Wesley",
  chapter = "15",
  year = "1983"
}

@book{realocaml,
  author      = "J.Hickey, A.Madhavapeddy \& Y.Minsky",
  booktitle   = "Real World OCaml",
  publisher   = "O'Reilly",
  year        = 2013,
}

@book{cormen,
  author      = "T.H.Cormen, C.D.Leiserson, R.L.Rivest \& C.Stein",
  booktitle   = "Introduction to Algorithms",
  publisher   = "MIT Press",
  year        = 2009,
}

@book{monad,
  author      = "MONAD REFERENCE?",
  booktitle   = "",
  publisher   = "",
  year        = 2014,
}


@misc{source,
      title = "Source repository",
      note = "https://github.com/dpp23/ocaml\_revisions"
}

@misc{erlang,
      author = "E.Letuchy",
      title = "Erlang at Facebook",
      note = "http://www.erlang-factory.com/upload/presentations/31/EugeneLetuchy-ErlangatFacebook.pdf "
}

@misc{xmpp,
      title = "XMPP Wikipedia article",
      note = "http://en.wikipedia.org/wiki/XMPP"
}

@misc{lwt,
      title = "Lwt home page",
      note = "http://ocsigen.org/lwt/"
}

